<record><leader>00000cas a22000007a 4500</leader><controlfield tag="001">12928602</controlfield><controlfield tag="008">851218d18871889aluwr ne      0    0eng d</controlfield><datafield ind1=" " ind2=" " tag="010"><subfield code="a">sn 85045145 </subfield></datafield><datafield ind1=" " ind2=" " tag="040"><subfield code="a">AAR</subfield><subfield code="b">eng</subfield><subfield code="c">AAR</subfield><subfield code="d">CPN</subfield><subfield code="d">OCLCQ</subfield></datafield><datafield ind1=" " ind2=" " tag="042"><subfield code="a">msc</subfield></datafield><datafield ind1="0" ind2="4" tag="245"><subfield code="a">The Weekly hot blast.</subfield></datafield><datafield ind1="1" ind2="7" tag="246"><subfield code="a">Hot blast</subfield></datafield><datafield ind1=" " ind2=" " tag="260"><subfield code="a">Anniston, Ala. :</subfield><subfield code="b">John C. Field,</subfield><subfield code="c">1887-1889.</subfield></datafield><datafield ind1=" " ind2=" " tag="300"><subfield code="a">v. :</subfield><subfield code="b">ill. ;</subfield><subfield code="c">63 cm.</subfield></datafield><datafield ind1=" " ind2=" " tag="310"><subfield code="a">Weekly</subfield></datafield><datafield ind1="0" ind2=" " tag="362"><subfield code="a">Vol. 5, no. 22 (Apr. 22, 1887)-v. 4, no. 129 (Mar. 14, 1889).</subfield></datafield><datafield ind1=" " ind2=" " tag="515"><subfield code="a">Numbering is irregular.</subfield></datafield><datafield ind1=" " ind2=" " tag="580"><subfield code="a">Issued also in a daily ed. with title: Daily hot blast.</subfield></datafield><datafield ind1=" " ind2=" " tag="752"><subfield code="a">United States</subfield><subfield code="b">Alabama</subfield><subfield code="c">Calhoun</subfield><subfield code="d">Anniston.</subfield></datafield><datafield ind1="1" ind2=" " tag="775"><subfield code="t">Daily hot blast</subfield><subfield code="w">(DLC)sn 84024601</subfield></datafield><datafield ind1="0" ind2="0" tag="780"><subfield code="t">Anniston hot blast</subfield><subfield code="w">(DLC)sn 85045144</subfield></datafield><datafield ind1="0" ind2="0" tag="785"><subfield code="t">Alabama hot blast</subfield><subfield code="w">(DLC)sn 85045146</subfield></datafield></record>